<record><leader>00000cas a22000007a 4500</leader><controlfield tag="001">11210144</controlfield><controlfield tag="008">840928d18951938nyuwr ne      0    0eng d</controlfield><controlfield tag="009">148</controlfield><datafield ind1=" " ind2=" " tag="010"><subfield code="a">sn 84031642 </subfield></datafield><datafield ind1=" " ind2=" " tag="040"><subfield code="a">NYG</subfield><subfield code="b">eng</subfield><subfield code="c">NYG</subfield><subfield code="d">NYS</subfield><subfield code="d">OCLCQ</subfield><subfield code="d">KRTAS</subfield></datafield><datafield ind1="1" ind2=" " tag="029"><subfield code="a">AU@</subfield><subfield code="b">000020342306</subfield></datafield><datafield ind1=" " ind2=" " tag="042"><subfield code="a">msc</subfield></datafield><datafield ind1="0" ind2=" " tag="130"><subfield code="a">Recorder (Catskill, N.Y.)</subfield></datafield><datafield ind1="0" ind2="4" tag="245"><subfield code="a">The recorder.</subfield></datafield><datafield ind1="3" ind2="0" tag="246"><subfield code="a">Examiner. and the recorder</subfield></datafield><datafield ind1=" " ind2=" " tag="260"><subfield code="a">Catskill, N.Y. :</subfield><subfield code="b">Estate of J.B. Hall,</subfield><subfield code="c">1895-1938.</subfield></datafield><datafield ind1=" " ind2=" " tag="300"><subfield code="a">44 v. :</subfield><subfield code="b">ill. ;</subfield><subfield code="c">62 cm.</subfield></datafield><datafield ind1=" " ind2=" " tag="310"><subfield code="a">Weekly</subfield></datafield><datafield ind1="0" ind2=" " tag="362"><subfield code="a">Vol. 103, no. 30 (Mar. 1, 1895)-v. 146, no. 44 (June 17, 1938).</subfield></datafield><datafield ind1=" " ind2=" " tag="500"><subfield code="a">Published a "joint extra edition" called: Examiner. and the recorder, Sept. 17, 1928.</subfield></datafield><datafield ind1=" " ind2="4" tag="651"><subfield code="a">Catskill (N.Y.)</subfield><subfield code="v">Newspapers.</subfield></datafield><datafield ind1=" " ind2="4" tag="651"><subfield code="a">Greene County (N.Y.)</subfield><subfield code="v">Newspapers.</subfield></datafield><datafield ind1=" " ind2=" " tag="752"><subfield code="a">United States</subfield><subfield code="b">New York</subfield><subfield code="c">Greene</subfield><subfield code="d">Catskill.</subfield></datafield><datafield ind1="0" ind2="0" tag="780"><subfield code="t">Catskill recorder (Catskill, N.Y. : 1871)</subfield><subfield code="w">(DLC)sn 83031456</subfield><subfield code="w">(OCoLC)9932659</subfield></datafield><datafield ind1="0" ind2="7" tag="785"><subfield code="t">Greene County examiner</subfield><subfield code="w">(DLC)sn 91066677</subfield><subfield code="w">(OCoLC)24568050</subfield></datafield><datafield ind1="0" ind2="7" tag="785"><subfield code="t">Greene County examiner-recorder</subfield><subfield code="w">(DLC)sn 84031238</subfield><subfield code="w">(OCoLC)10721729</subfield></datafield><datafield ind1=" " ind2=" " tag="938"><subfield code="a">Kirtas Technologies, Inc.</subfield><subfield code="b">KRTS</subfield><subfield code="n">738797</subfield></datafield></record>